@misc{rlist,
  % author = {Ingo LÃ¼tkebohle},
  title = {{Redis List Commands}},
  howpublished = \url{https://redis.io/commands#list},
  % year = {2008}, 
  note = "[Online; accessed 13-September--2017]",
}
